% This file was created with JabRef 2.7b.
% Encoding: UTF8

%====================Beginn der Messwerte-/Internetquellen=========================%

@MISC{xcolor,
	author = {Uwe Kern},
	title = {xcolor},
	edition = {2.11},
	editor = {},
	publisher = {},
	howpublished = {CTAN},
	year = {2007},
	urldate = {13.02.2016},
	note = {time: 12:42},
	url = {https://www.ctan.org/pkg/xcolor?lang=de}
},

@MISC{tikz,
	author = {Christian Feuers√§nger and Till Tantau},
	title = {TikZ},
	edition = {3.0.1a},
	editor = {},
	publisher = {},
	howpublished = {CTAN},
	year = {2015},
	urldate = {13.02.2016},
	note = {time: 12:43},
	url = {https://www.ctan.org/pkg/pgf}
},

@MISC{ctan,
	author = {CTAN},
	title = {CTAN},
	edition = {},
	editor = {},
	publisher = {},
	howpublished = {},
	year = {2016},
	urldate = {13.02.2016},
	note = {time: 12:44},
	url = {https://www.ctan.org}
},

@MISC{texlive,
	author = {TeXLive},
	title = {TeXLive},
	edition = {},
	editor = {},
	publisher = {},
	howpublished = {},
	year = {2016},
	urldate = {13.02.2016},
	note = {time: 12:45},
	url = {https://www.tug.org/texlive/}
},


